%YAML 1.1
%TAG !u! tag:unity3d.com,2011:
--- !u!1 &7915847387730127763
GameObject:
  m_ObjectHideFlags: 0
  m_CorrespondingSourceObject: {fileID: 0}
  m_PrefabInstance: {fileID: 0}
  m_PrefabAsset: {fileID: 0}
  serializedVersion: 6
  m_Component:
  - component: {fileID: 7915847387730127762}
  - component: {fileID: 7915847387730127775}
  - component: {fileID: 7915847387730127772}
  - component: {fileID: 7915847387730127773}
  m_Layer: 0
  m_Name: Pt
  m_TagString: Untagged
  m_Icon: {fileID: 0}
  m_NavMeshLayer: 0
  m_StaticEditorFlags: 0
  m_IsActive: 1
--- !u!4 &7915847387730127762
Transform:
  m_ObjectHideFlags: 0
  m_CorrespondingSourceObject: {fileID: 0}
  m_PrefabInstance: {fileID: 0}
  m_PrefabAsset: {fileID: 0}
  m_GameObject: {fileID: 7915847387730127763}
  m_LocalRotation: {x: 0, y: 0, z: 0, w: 1}
  m_LocalPosition: {x: -0.261, y: -0.306, z: 0}
  m_LocalScale: {x: 0.04, y: 0.04, z: 0.04}
  m_Children:
  - {fileID: 4915313852794684360}
  m_Father: {fileID: 0}
  m_RootOrder: 0
  m_LocalEulerAnglesHint: {x: 0, y: 0, z: 0}
--- !u!33 &7915847387730127775
MeshFilter:
  m_ObjectHideFlags: 0
  m_CorrespondingSourceObject: {fileID: 0}
  m_PrefabInstance: {fileID: 0}
  m_PrefabAsset: {fileID: 0}
  m_GameObject: {fileID: 7915847387730127763}
  m_Mesh: {fileID: 10207, guid: 0000000000000000e000000000000000, type: 0}
--- !u!23 &7915847387730127772
MeshRenderer:
  m_ObjectHideFlags: 0
  m_CorrespondingSourceObject: {fileID: 0}
  m_PrefabInstance: {fileID: 0}
  m_PrefabAsset: {fileID: 0}
  m_GameObject: {fileID: 7915847387730127763}
  m_Enabled: 1
  m_CastShadows: 1
  m_ReceiveShadows: 1
  m_DynamicOccludee: 1
  m_MotionVectors: 1
  m_LightProbeUsage: 1
  m_ReflectionProbeUsage: 1
  m_RayTracingMode: 2
  m_RayTraceProcedural: 0
  m_RenderingLayerMask: 1
  m_RendererPriority: 0
  m_Materials:
  - {fileID: 2100000, guid: f7ea1db63e79d4f88a448fb5e95bd7c7, type: 2}
  m_StaticBatchInfo:
    firstSubMesh: 0
    subMeshCount: 0
  m_StaticBatchRoot: {fileID: 0}
  m_ProbeAnchor: {fileID: 0}
  m_LightProbeVolumeOverride: {fileID: 0}
  m_ScaleInLightmap: 1
  m_ReceiveGI: 1
  m_PreserveUVs: 0
  m_IgnoreNormalsForChartDetection: 0
  m_ImportantGI: 0
  m_StitchLightmapSeams: 1
  m_SelectedEditorRenderState: 3
  m_MinimumChartSize: 4
  m_AutoUVMaxDistance: 0.5
  m_AutoUVMaxAngle: 89
  m_LightmapParameters: {fileID: 0}
  m_SortingLayerID: 0
  m_SortingLayer: 0
  m_SortingOrder: 0
  m_AdditionalVertexStreams: {fileID: 0}
--- !u!135 &7915847387730127773
SphereCollider:
  m_ObjectHideFlags: 0
  m_CorrespondingSourceObject: {fileID: 0}
  m_PrefabInstance: {fileID: 0}
  m_PrefabAsset: {fileID: 0}
  m_GameObject: {fileID: 7915847387730127763}
  m_Material: {fileID: 0}
  m_IsTrigger: 0
  m_Enabled: 1
  serializedVersion: 2
  m_Radius: 0.5
  m_Center: {x: 0, y: 0, z: 0}
--- !u!1001 &1904897135852492912
PrefabInstance:
  m_ObjectHideFlags: 0
  serializedVersion: 2
  m_Modification:
    m_TransformParent: {fileID: 7915847387730127762}
    m_Modifications:
    - target: {fileID: 6798533497620782006, guid: 266023a09e79a42d6a6cadb601b2d1bd,
        type: 3}
      propertyPath: m_PresetInfoIsWorld
      value: 1
      objectReference: {fileID: 0}
    - target: {fileID: 6798533497620782008, guid: 266023a09e79a42d6a6cadb601b2d1bd,
        type: 3}
      propertyPath: m_Pivot.x
      value: 0.5
      objectReference: {fileID: 0}
    - target: {fileID: 6798533497620782008, guid: 266023a09e79a42d6a6cadb601b2d1bd,
        type: 3}
      propertyPath: m_Pivot.y
      value: 0.5
      objectReference: {fileID: 0}
    - target: {fileID: 6798533497620782008, guid: 266023a09e79a42d6a6cadb601b2d1bd,
        type: 3}
      propertyPath: m_RootOrder
      value: 0
      objectReference: {fileID: 0}
    - target: {fileID: 6798533497620782008, guid: 266023a09e79a42d6a6cadb601b2d1bd,
        type: 3}
      propertyPath: m_AnchorMax.x
      value: 0
      objectReference: {fileID: 0}
    - target: {fileID: 6798533497620782008, guid: 266023a09e79a42d6a6cadb601b2d1bd,
        type: 3}
      propertyPath: m_AnchorMax.y
      value: 0
      objectReference: {fileID: 0}
    - target: {fileID: 6798533497620782008, guid: 266023a09e79a42d6a6cadb601b2d1bd,
        type: 3}
      propertyPath: m_AnchorMin.x
      value: 0
      objectReference: {fileID: 0}
    - target: {fileID: 6798533497620782008, guid: 266023a09e79a42d6a6cadb601b2d1bd,
        type: 3}
      propertyPath: m_AnchorMin.y
      value: 0
      objectReference: {fileID: 0}
    - target: {fileID: 6798533497620782008, guid: 266023a09e79a42d6a6cadb601b2d1bd,
        type: 3}
      propertyPath: m_SizeDelta.x
      value: 293
      objectReference: {fileID: 0}
    - target: {fileID: 6798533497620782008, guid: 266023a09e79a42d6a6cadb601b2d1bd,
        type: 3}
      propertyPath: m_SizeDelta.y
      value: 484
      objectReference: {fileID: 0}
    - target: {fileID: 6798533497620782008, guid: 266023a09e79a42d6a6cadb601b2d1bd,
        type: 3}
      propertyPath: m_LocalPosition.x
      value: 0
      objectReference: {fileID: 0}
    - target: {fileID: 6798533497620782008, guid: 266023a09e79a42d6a6cadb601b2d1bd,
        type: 3}
      propertyPath: m_LocalPosition.y
      value: 0
      objectReference: {fileID: 0}
    - target: {fileID: 6798533497620782008, guid: 266023a09e79a42d6a6cadb601b2d1bd,
        type: 3}
      propertyPath: m_LocalPosition.z
      value: 0
      objectReference: {fileID: 0}
    - target: {fileID: 6798533497620782008, guid: 266023a09e79a42d6a6cadb601b2d1bd,
        type: 3}
      propertyPath: m_LocalRotation.w
      value: 1
      objectReference: {fileID: 0}
    - target: {fileID: 6798533497620782008, guid: 266023a09e79a42d6a6cadb601b2d1bd,
        type: 3}
      propertyPath: m_LocalRotation.x
      value: 0
      objectReference: {fileID: 0}
    - target: {fileID: 6798533497620782008, guid: 266023a09e79a42d6a6cadb601b2d1bd,
        type: 3}
      propertyPath: m_LocalRotation.y
      value: 0
      objectReference: {fileID: 0}
    - target: {fileID: 6798533497620782008, guid: 266023a09e79a42d6a6cadb601b2d1bd,
        type: 3}
      propertyPath: m_LocalRotation.z
      value: 0
      objectReference: {fileID: 0}
    - target: {fileID: 6798533497620782008, guid: 266023a09e79a42d6a6cadb601b2d1bd,
        type: 3}
      propertyPath: m_AnchoredPosition.x
      value: 0
      objectReference: {fileID: 0}
    - target: {fileID: 6798533497620782008, guid: 266023a09e79a42d6a6cadb601b2d1bd,
        type: 3}
      propertyPath: m_AnchoredPosition.y
      value: 0
      objectReference: {fileID: 0}
    - target: {fileID: 6798533497620782008, guid: 266023a09e79a42d6a6cadb601b2d1bd,
        type: 3}
      propertyPath: m_LocalEulerAnglesHint.x
      value: 0
      objectReference: {fileID: 0}
    - target: {fileID: 6798533497620782008, guid: 266023a09e79a42d6a6cadb601b2d1bd,
        type: 3}
      propertyPath: m_LocalEulerAnglesHint.y
      value: 0
      objectReference: {fileID: 0}
    - target: {fileID: 6798533497620782008, guid: 266023a09e79a42d6a6cadb601b2d1bd,
        type: 3}
      propertyPath: m_LocalEulerAnglesHint.z
      value: 0
      objectReference: {fileID: 0}
    - target: {fileID: 6798533497620782009, guid: 266023a09e79a42d6a6cadb601b2d1bd,
        type: 3}
      propertyPath: m_Name
      value: Label Canvas
      objectReference: {fileID: 0}
    m_RemovedComponents: []
  m_SourcePrefab: {fileID: 100100000, guid: 266023a09e79a42d6a6cadb601b2d1bd, type: 3}
--- !u!224 &4915313852794684360 stripped
RectTransform:
  m_CorrespondingSourceObject: {fileID: 6798533497620782008, guid: 266023a09e79a42d6a6cadb601b2d1bd,
    type: 3}
  m_PrefabInstance: {fileID: 1904897135852492912}
  m_PrefabAsset: {fileID: 0}
